% Bibliografía sobre tipos de cambio efectivos y reales
% Al finalizar el artículo, debemos controlar que las que se listen aquí hayan sido citadas en el texto. En caso contrario, eliminarlas.

@misc{bcra_2019,
  author = {BCRA},
  title = {Índice del Tipo de Cambio Real Multilateral diario},
  year = {2019},
  month = {january},
}

@article{brodsky_1982,
  title={Arithmetic versus geometric effective exchange rates},
  author={Brodsky, David A},
  journal={Weltwirtschaftliches Archiv},
  volume={118},
  number={3},
  pages={546--562},
  year={1982},
  publisher={Springer}
}

@article{clark1999,
  title={Regional exchange rate indexes for the United States},
  author={Clark, Don P and Sawyer, W Charles and Sprinkle, Richard L},
  journal={Journal of Regional Science},
  volume={39},
  number={1},
  pages={149--166},
  year={1999},
  publisher={Wiley Online Library}
}

@article{couharde_2018,
  title={EQCHANGE: A world database on actual and equilibrium effective exchange rates},
  author={Couharde, C{\'e}cile and Delatte, Anne-Laure and Grekou, Carl and Mignon, Val{\'e}rie and Morvillier, Florian},
  journal={International economics},
  volume={156},
  pages={206--230},
  year={2018},
  publisher={Elsevier}
}

@article{noguera2020,
  title={Tipo de cambio real, empleo y asimetr{\'\i}as productivas. Un caso para las jurisdicciones argentinas},
  author={Noguera, Deborah Mercedes and Pedrazzi, Juli{\'a}n},
  year={2020},
  publisher={Sociedad de Economia Cr{\'\i}tica}
}

@article{pizarro2021tipo,
  title={Tipo de cambio, nivel de precios y divergencias: un an{\'a}lisis regional para la Rep{\'u}blica Argentina},
  author={Pizarro Levi, Ernesto Gabriel},
  journal={Apuntes del CENES},
  volume={40},
  number={72},
  pages={87--114},
  year={2021},
  publisher={Universidad Pedag{\'o}gica y Tecnol{\'o}gica de Colombia (UPTC)}
}

@article{tochkov_2021,
  title={Regional real exchange rates and growth: Evidence from resource-based regional economies},
  author={Tochkov, Kiril},
  journal={Review of International Economics},
  volume={29},
  number={3},
  pages={626--640},
  year={2021},
  publisher={Wiley Online Library}
}

@article{yan_2016,
  title={Real effective exchange rate and regional economic growth in China: Evidence from provincial data},
  author={Yan, Guo and Li, Sheng and Lin, Yaqi and Li, Jie},
  journal={China \& World Economy},
  volume={24},
  number={6},
  pages={43--63},
  year={2016},
  publisher={Wiley Online Library}
}